@article {Reference1,
    author = {C. Severance},
    journal = {Computer},
    title = {Guido van Rossum: The Early Years of Python},
    year = {2015},
    volume = {48},
    number = {02},
    issn = {1558-0814},
    pages = {7-9},
    abstract = {Guido van Rossum discusses the initial development of Python, which has increasingly become the programming language of choice for many scientific fields due to its extensibility and ease of use. The first Web extra at http://youtu.be/xLVxoz-mQFs is a video in which Guido van Rossum talks with Charles Severance about the birth of the general-purpose, high-level Python programming language. The second Web extra at http://youtu.be/SdH8fI1aNZA is a video in which Guido van Rossum presents a quick introduction of the Python language to students of Computer programming. The third Web extra at http://youtu.be/kFDyvsxX4sg is an audio recording of the Computing Conversations column in which author Charles Severance discusses his interview with Guido van Rossum about the birth of the general-purpose, high-level Python programming language.},
    keywords = {},
    doi = {10.1109/MC.2015.45},
    publisher = {IEEE Computer Society},
    address = {Los Alamitos, CA, USA},
    month = {2}
}

@misc {Reference2,
    author = "{Wikimedia Commons}",
    title = "Python logo",
    year = "2008",
    url = "https://commons.wikimedia.org/wiki/File:Python-logo-notext.svg",
    note = "[Último acceso: 20 de Mayo de 2023]"
}

@online {Reference3,
    author = {B. Venners},
    title = {The Making of Python},
    year = {2013},
    abstract = {Python creator Guido van Rossum talks with Bill Venners about Python's history, the influence of the ABC language, and Python's original design goals.},
    url = {https://www.artima.com/articles/the-making-of-python},
    month = {1},
    note = "[Último acceso: 20 de Mayo de 2023]"
}

@online {Reference4,
    title={The Django Book},
    author={A. Holovaty, J. Kaplan-Moss; et al.},
    year={2009},
    url = {https://web.archive.org/web/20180729171111/https://djangobook.com/introducing-django/},
    note = "[Último acceso: 24 de Mayo de 2023]"
}

@misc {Reference5,
    author = "{Django Software Foundation}",
    title = "Django logo",
    year = "2005",
    url = "https://www.djangoproject.com/community/logos/",
    note = "[Último acceso: 24 de Mayo de 2023]"
}

@misc {Reference6,
    author = "{Poetry Docs}",
    title = "Documentation",
    year = "2023",
    url = "https://python-poetry.org/docs/",
    note = "[Último acceso: 27 de Mayo de 2023]"
}

@misc {Reference7,
    author = "{DRF Docs}",
    title = "Home",
    year = "2023",
    url = "https://www.django-rest-framework.org",
    note = "[Último acceso: 29 de Mayo de 2023]"
}

@misc {Reference8,
    author = {T. Christie},
    title = "DRF logo",
    year = "2014",
    url = "https://www.django-rest-framework.org/img/logo.png",
    note = "[Último acceso: 29 de Mayo de 2023]"
}

@misc {Reference9,
    author = "{Gunicorn Docs}",
    title = {Gunicorn-Python WSGI HTTP Server for UNIX},
    year = {2023},
    url = {https://gunicorn.org/},
    note = {Último acceso: 29 de Mayo de 2023},
}

@misc {Reference10,
    author = "{Wikimedia Commons}",
    title = "Gunicorn logo",
    year = "2010",
    url = "https://commons.wikimedia.org/wiki/File:Gunicorn_logo_2010.svg",
    note = "[Último acceso: 29 de Mayo de 2023]"
}

@techreport {Reference11,
    author  = {Guido van Rossum and Barry Warsaw and Nick Coghlan},
    title   = {Style Guide for {Python} Code},
    year    = {2010},
    type    = {PEP},
    number  = {3333},
    url     = {https://peps.python.org/pep-3333/},
    note    = {Último acceso: 29 de Mayo de 2023}
}

@misc {Reference12,
    author = {Bitergia},
    title = {GrimoireLab - Software Development and Community Analytics platform},
    year = {2017},
    url = {https://chaoss.github.io/grimoirelab/},
    note = {Último acceso: 30 de Mayo de 2023},
}

@misc {Reference13,
    author = {Cauldron},
    title = {Cauldron - Level Up Software Development Analytics},
    year = {2019},
    url = {https://cauldron.io},
    note = {Último acceso: 31 de Mayo de 2023},
}

@misc {Reference14,
    author = {Sebastián Ramírez},
    title = {FastAPI},
    year = {2018},
    url = {https://fastapi.tiangolo.com/},
    note = {Último acceso: 3 de Junio de 2023},
}

@misc {Reference15,
    author = {Sebastián Ramírez},
    title = {History, Design and Future - FastAPI},
    year = {2018},
    url = {https://fastapi.tiangolo.com/history-design-future/},
    note = {Último acceso: 3 de Junio de 2023},
}

@misc {Reference16,
    author = "{Uvicorn Docs}",
    title = {Uvicorn},
    year = {2018},
    url = {https://www.uvicorn.org/},
    note = {Último acceso: 3 de Junio de 2023},
}

@misc {Reference17,
    author = "{OpenSearch Contributors}",
    title = {What is OpenSearch? - Open Source Search Engine Explained - AWS},
    year = {2021},
    url = {https://aws.amazon.com/what-is/opensearch/},
    note = {Último acceso: 4 de Junio de 2023},
}

@misc {Reference18,
    author = "{OpenSearch Docs}",
    title = {OpenSearch Dashboards - OpenSearch documentation},
    year = {2021},
    url = {https://opensearch.org/docs/latest/dashboards/index/},
    note = {Último acceso: 4 de Junio de 2023},
}

@misc {Reference19,
    author = "{PostgreSQL Contributors}",
    title = {PostgreSQL: About},
    year = {1996},
    url = {https://www.postgresql.org/about/},
    note = {Último acceso: 4 de Junio de 2023},
}

@misc {Reference20,
    author = "{Docker Contributors}",
    title = {Docker overview | Docker Documentation},
    year = {2013},
    url = {https://docs.docker.com/get-started/overview/},
    note = {Último acceso: 4 de Junio de 2023},
}

@misc {Reference21,
    author = {Frederic Lardinois, Ingrid Lunden},
    title = {Microsoft has acquired GitHub for \$7.5B in stock},
    year = {2018},
    url = {https://techcrunch.com/2018/06/04/microsoft-has-acquired-github-for-7-5b-in-microsoft-stock/},
    note = {Último acceso: 4 de Junio de 2023},
}

@misc {Reference22,
    author = "{GitHub Contributors}",
    title = {Features | GitHub},
    year = {2023},
    url = {https://github.com/features},
    note = {Último acceso: 4 de Junio de 2023},
}

@misc {Reference23,
    author = {Simon Oxley},
    title = {GitHub Octodex},
    year = {2007},
    url = {https://octodex.github.com/original/},
    note = {Último acceso: 4 de Junio de 2023},
}

@misc {Reference24,
    author = {GitHub Docs},
    title = {About Dependabot version updates},
    year = {2020},
    url = {https://docs.github.com/en/code-security/dependabot/dependabot-version-updates/about-dependabot-version-updates},
    note = {Último acceso: 4 de Junio de 2023},
}

@misc {Reference25,
    author = {Dependabot Contributors},
    title = {Dependabot logo},
    year = {2017},
    url = {https://github.com/dependabot},
    note = {Último acceso: 4 de Junio de 2023},
}

@techreport {Reference26,
    author = {R. Fielding and J. Gettys and J. Mogul and H. Frystyk and L. Masinter and P. Leach and T. Berners-Lee},
    title = {Hypertext Transfer Protocol -- HTTP/1.1},
    institution = {IETF},
    number = {RFC 2616},
    url = {https://tools.ietf.org/html/rfc2616},
    year = {1999},
    note = {Último acceso: 4 de Junio de 2023},
}

@book {Reference27,
    title={API Design for C++},
    author={Reddy, Martin},
    year={2011},
    publisher={Elsevier Science},
    note = {Último acceso: 4 de Junio de 2023}
}

@phdthesis {Reference28,
    title = {Architectural Styles and the Design of Network-based Software Architectures},
    author = {Fielding, Roy Thomas},
    year = 2000,
    address = {Irvine, CA},
    url = {https://www.ics.uci.edu/~fielding/pubs/dissertation/rest_arch_style.htm},
    school = {University of California},
    type = {PhD thesis},
    note = {Último acceso: 4 de Junio de 2023}
}
